<record><leader>00000cas a22000007a 4500</leader><controlfield tag="001">2623545</controlfield><controlfield tag="008">761215d184318uualuwr ne      0   a0eng  </controlfield><datafield ind1=" " ind2=" " tag="010"><subfield code="a">sn 86072194 </subfield><subfield code="z">   76642554 </subfield></datafield><datafield ind1=" " ind2=" " tag="040"><subfield code="a">DLC</subfield><subfield code="b">eng</subfield><subfield code="c">DLC</subfield><subfield code="d">OCLCQ</subfield></datafield><datafield ind1=" " ind2=" " tag="042"><subfield code="a">msc</subfield></datafield><datafield ind1="0" ind2="0" tag="050"><subfield code="a">Newspaper 7003-X</subfield></datafield><datafield ind1="0" ind2="0" tag="245"><subfield code="a">Gladiator.</subfield></datafield><datafield ind1=" " ind2=" " tag="260"><subfield code="a">Cedar Bluff, Ala. :</subfield><subfield code="b">S.S. Hinton</subfield></datafield><datafield ind1=" " ind2=" " tag="300"><subfield code="a">v. ;</subfield><subfield code="c">69 cm.</subfield></datafield><datafield ind1=" " ind2=" " tag="310"><subfield code="a">Weekly</subfield></datafield><datafield ind1="1" ind2=" " tag="362"><subfield code="a">Began with Nov. 8, 1843 issue.</subfield><subfield code="z">Cf. Gregory, W. Amer. newspapers, 1937.</subfield></datafield><datafield ind1=" " ind2=" " tag="500"><subfield code="a">"Whig." Cf. Ellison, R. Hist. and bibliography of Ala. newspapers in the nineteenth cent., 1954.</subfield></datafield><datafield ind1=" " ind2=" " tag="588"><subfield code="a">Description based on: Vol. 1, no. 2 (Nov. 15, 1843).</subfield></datafield><datafield ind1=" " ind2=" " tag="752"><subfield code="a">United States</subfield><subfield code="b">Alabama</subfield><subfield code="c">Cherokee</subfield><subfield code="d">Cedar Bluff.</subfield></datafield><datafield ind1="1" ind2=" " tag="029"><subfield code="a">AU@</subfield><subfield code="b">000024822567</subfield></datafield></record>